@Article{Solla:AnAncientGreekComputer,
author = "Price Derek J. de Solla",
title = "An Ancient Greek Computer",
journal = "Scientific American",
year = "1959",
number = "6",
pages = "60-67",
issn = "0036-8733",
}

@Book{Dzazari:KnihaZnalostiDumyslnychMechanickychZarizeni,
author = "Ibn al-Razzaz al-Jazari",
title = "The Book of Knowledge of Ingenious Mechanical Devices",
publisher = "Springer",
year = "1973",
isbn = "9789027703293",
}

@Book{Essinger:BirthOfTheInformationAge,
author = "James Essinger",
title = "Jacquard's Web: How a Hand-Loom Led to the Birth of the Information Age",
publisher = "Oxford University Press",
year = "2004",
isbn = "9780192805775",
}

@Misc{ThoughtCo:TheFirstComputer,
author = "ThoughtCo",
title = "The First Computer",
year = "Poslední změna 18. Prosince 2017",
url = "https://www.thoughtco.com/first-computer-charles-babbages-1221836",
cited = "2018-04-14",
howpublished = "online",
}

@Misc{Biography:AdaLovelaceBiography,
author = "Bio",
title = "Ada Lovelace Biography",
year = "Zveřejněno 16. Dubna 2018",
url = "https://www.biography.com/people/ada-lovelace-20825323",
cited = "2018-04-14",
howpublished = "online",
}

@Article{Bauer:Plankalkul,
author = "Bauer, F. L. and Wossner, H.",
title = "The Plankalkül of Konrad Zuse: A Forerunner of Todays Programming Languages",
journal = "Commun. ACM",
year = "1972",
number = "7",
pages = "678--685",
issn = "0001-0782",
}

@Misc{Wikipedie:Fortan,
author = "WIKIPEDIE",
title = "Fortran",
year = "Poslední úprava 31. Března 2018",
url = "https://en.wikipedia.org/wiki/Fortran",
cited = "2018-04-14",
howpublished = "online",
}

@BachelorThesis{Thesis:Vavruska,
author = "Vavruška, Pavel",
title = "Programovací jazyky: Historie, vývoj a jejich výkon",
year = "2010", 
school = "Univerzita Hradec Králové, UHK, Fakulta informatiky a managementu",
address = "Hradec Králové",
}

@Article{ComputingInScienceEngineering:Concurrency,
author = "M. Di Pierro and D. Skinner",
title = "Concurrency in Modern Programming Languages",
journal = "Computing in Science Engineering",
year = "2012",
number = "6",
pages = "8-10",
issn = "1521-9615",
}

@BachelorThesis{Thesis:Fiser,
author = "Fišer, Jakub",
title = "Projektová výuka programování malých robotů na základní škole",
year = "2017", 
school = "Univerzita Tomáše Bati ve Zlíně, Fakulta aplikované informatiky",
address = "Zlín",
}